@patent{noampatent,
  author = {Shazeer, Noam},
  number = {8051374},
  howpublished={\url{http://www.google.co.uk/patents/US8051374}}
}

@article{jameslpeterson1980beginning,
    author  = "James  L.  Peterson",
    title   = "Computer  Programs  for  Detecting  and  Correcting  Spelling  Errors",
    journal = "COMPUTING  PRACTICES",
    year    = "1980",
    volume  = "23",
    number  = "12",
    pages   = "677",
    month   = "dec"
}

@book{introIR,
  author    = "Christopher D. Manning, Prabhakar Raghavan, Hinrich Sch√ºtze",
  title     = "An Introduction to Information Retrieval, Section 3.3.3, p57",
  publisher = "Cambridge UP",
  year      = "2009"
}

@misc{howtospellcorrector,
  title={How to Write a Spelling Corrector},
  author={Norvig, Peter},
  howpublished={\url{http://www.norvig.com/spell-correct.html}},
  note={Accessed: 17th Nov},
  year={2015}
}

@inproceedings{levenshtein1966binary,
  title={Binary codes capable of correcting deletions, insertions, and reversals},
  author={Levenshtein, Vladimir I},
  booktitle={Soviet physics doklady},
  volume={10},
  number={8},
  pages={707--710},
  year={1966}
}

@misc{searchenginewiki,
  title={List of search engines: General},
  author={Wikipedia},
  howpublished={\url{https://en.wikipedia.org/wiki/List_of_search_engines#General}},
  note={Accessed: 17th Nov},
  year={2015}
}

@misc{alexatop500,
  title={The top 500 sites on the web},
  author={Alexa},
  howpublished={\url{http://www.alexa.com/topsites}},
  note={Accessed: 14th Nov},
  year={2015}
}

@misc{scraper,
  title={Sirjest},
  author={Charlie F. Egan},
  howpublished={\url{https://github.com/charlieegan3/sirjest}},
  note={Accessed: 17th Nov},
  year={2015}
}
